@book{1,
	author = {Wen-Wei Li},
	title = {Daishuxue Fangfa},
	year = {2019},
	subtitle = {Jichu Jiagou},
	language = {Chinese Simplified},
	origlanguage = {Chinese Simplified},
	edition = {1},
	volumes = {1},
	publisher = {High Education Press},
	location = {Beijing},
	isbn = {978-7-04-050725-6},
	url = {https://github.com/wenweili/AlJabr-1},
}
@manual{2,
	author = {Stephen Wolfram},
	title = {Wolfram Language \& System Documentation Center},
	year = {2019},
	version = {12.0},
	organization = {Wolfram Research Inc.}
}
@misc{3,
	author = {Xiao-Shan Gao},
	title = {GeoExpert},
	year = {1998},
	url = {http://www.mmrc.iss.ac.cn/gex/},
	organization = {Key Laboratory of Mathematics Mechanization}
}
@book{4,
	author = {Hermann Ebbinghaus},
	title = {Memory},
	year = {1913},
	translator = {Henry A. Ruger, Clare E. Bussenius},
	subtitle = {A contribution to experimental psychology},
	language = {English},
	origlanguage = {German},
	publisher = {Teachers College, Columbia University},
	location = {New York City},
	url = {https://archive.org/details/memorycontributi00ebbiuoft/page/n5/mode/2up},
}
@article{5,
	author = {Karl Entacher},
	title = {A Collection of Selected Pseudorandom Number Generators With Linear Structures},
	year = {1999},
	language = {English},
	origlanguage = {English},
}
@book{6,
	author = {Andrew S. Tanenbaum},
	title = {Operating Systems: Design and Implementatiion},
	year = {2015},
	translator = {Yu Chen},
	language = {Chinese Simplified},
	origlanguage = {English},
	edition = {3},
	volumes = {1},
	publisher = {Publishing House of Electronics Industry},
	location = {Beijing},
	isbn = {978-7-121-26193-0},
}
@misc{7,
	author = {Zijian Wang},
	title = {The DefQed Repository},
	year  = {2022},
	url = {https://github.com/ZijianFelixWang/DefQed},
	language = {English},
	version = {0.02},
}
