@book{1,
	author = {Wen-Wei Li},
	title = {Daishuxue Fangfa},
	year = {2019},
	subtitle = {Jichu Jiagou},
	language = {Chinese Simplified},
	origlanguage = {Chinese Simplified},
	edition = {1},
	volume = {1},
	publisher = {High Education Press},
	address = {Beijing},
	isbn = {978-7-04-050725-6},
	url = {https://github.com/wenweili/AlJabr-1},
}
@manual{2,
	author = {Stephen Wolfram},
	title = {Wolfram Language \& System Documentation Center},
	year = {2019},
	version = {12.0},
	organization = {Wolfram Research Inc.}
}
@booklet{3,
	author = {Xiao-Shan Gao},
	title = {GeoExpert},
	year = {1998},
	url = {http://www.mmrc.iss.ac.cn/gex/},
	address = {Beijing},
	instituation = {Key Laboratory of Mathematics Mechanization}
}
@book{4,
	author = {Hermann Ebbinghaus},
	title = {Memory: A contribution to experimental psychology},
	year = {1913},
	translator = {Henry A. Ruger, Clare E. Bussenius},
	subtitle = {A contribution to experimental psychology},
	language = {English},
	origlanguage = {German},
	publisher = {Teachers College, Columbia University},
	address = {New York City},
	url = {https://archive.org/details/memorycontributi00ebbiuoft/page/n5/mode/2up},
}
@article{5,
	author = {Entacher, Karl},
	year = {1999},
	month = {03},
	pages = {},
	journal = {},
	title = {A Collection of Selected Pseudorandom Number Generators With Linear Structures}
}
@book{6,
	author = {Andrew S. Tanenbaum},
	title = {Operating Systems: Design and Implementatiion},
	year = {2015},
	translator = {Yu Chen},
	language = {Chinese Simplified},
	origlanguage = {English},
	edition = {3},
	volumes = {1},
	publisher = {Publishing House of Electronics Industry},
	location = {Beijing},
	isbn = {978-7-121-26193-0},
}
@misc{7,
	author = {Zijian Wang},
	title = {The DefQed Repository},
	year  = {2022},
	url = {https://github.com/ZijianFelixWang/DefQed},
	howpublished = {online},
	language = {English},
	version = {0.02},
}
@InProceedings{8,
	author= {Moura, Leonardo de and Ullrich, Sebastian},
	title = {The Lean 4 Theorem Prover and Programming Language},
	booktitle = {Automated Deduction -- CADE 28},
	year = {2021},
	publisher = {Springer International Publishing},
	address = {Cham},
	pages = {625--635},
	isbn = {978-3-030-79876-5}
}
@inproceedings{9,
	author = {de Moura, Leonardo and Bj√∏rner, Nikolaj},
	year = {2008},
	month = {04},
	pages = {337-340},
	title = {Z3: an efficient SMT solver},
	booktitle = {Tools and Algorithms for the Construction and Analysis of Systems},
	volume = {4963},
	isbn = {978-3-540-78799-0},
	publisher = {Springer Berlin Heidelberg},
	address = {Berlin, Heidelberg},
	journal = {Tools and Algorithms for the Construction and Analysis of Systems},
	doi = {10.1007/978-3-540-78800-3_24}
}